@book{greenacre2014multivariate,
  title={Multivariate analysis of ecological data},
  author={Greenacre, Michael and Primicerio, Raul},
  year={2014},
  publisher={Fundacion BBVA}
}

@article{piepho2009data,
  title={Data transformation in statistical analysis of field trials with changing treatment variance},
  author={Piepho, Hans-Peter},
  journal={Agronomy Journal},
  volume={101},
  number={4},
  pages={865--869},
  year={2009},
  publisher={Wiley Online Library}
}

@article{dormann2013collinearity,
  title={Collinearity: a review of methods to deal with it and a simulation study evaluating their performance},
  author={Dormann, Carsten F and Elith, Jane and Bacher, Sven and Buchmann, Carsten and Carl, Gudrun and Carr{\'e}, Gabriel and Marqu{\'e}z, Jaime R Garc{\'\i}a and Gruber, Bernd and Lafourcade, Bruno and Leit{\~a}o, Pedro J and others},
  journal={Ecography},
  volume={36},
  number={1},
  pages={27--46},
  year={2013},
  publisher={Wiley Online Library}
}

@book{gareth2013introduction,
  title={An introduction to statistical learning: with applications in R},
  author={Gareth, James and Daniela, Witten and Trevor, Hastie and Robert, Tibshirani},
  year={2013},
  publisher={Spinger}
}

@article{bruce2017practical,
  title={Practical statistics for data scientists, OREILLY Sebastopol, California-USA},
  author={Bruce, P and Bruce, A},
  year={2017}
}

@article{wang2007determination,
  title={Determination of the selection statistics and best significance level in backward stepwise logistic regression},
  author={Wang, Qinggang and Koval, John J and Mills, Catherine A and Lee, Kang-In David},
  journal={Communications in Statistics-Simulation and Computation},
  volume={37},
  number={1},
  pages={62--72},
  year={2007},
  publisher={Taylor \& Francis}
}


@article{gallup2019added,
  title={Added-variable plots with confidence intervals},
  author={Gallup, John Luke},
  journal={The Stata Journal},
  volume={19},
  number={3},
  pages={598--614},
  year={2019},
  publisher={SAGE Publications Sage CA: Los Angeles, CA}
}
















@article{ferreira2014importance,
  title={Importance of environmental factors for the richness and distribution of benthic macroinvertebrates in tropical headwater streams},
  author={Ferreira, Wander R and Ligeiro, Raphael and Macedo, Diego R and Hughes, Robert M and Kaufmann, Philip R and Oliveira, Leandro G and Callisto, Marcos},
  journal={Freshwater Science},
  volume={33},
  number={3},
  pages={860--871},
  year={2014},
  publisher={University of Chicago Press Chicago, IL}
}


@article{podani1999extending,
  title={Extending Gower's general coefficient of similarity to ordinal characters},
  author={Podani, J{\'a}nos},
  journal={Taxon},
  volume={48},
  number={2},
  pages={331--340},
  year={1999},
  publisher={Wiley Online Library}
}

@article{gotzenberger2020trait,
  title={Trait-based ecology tools in R},
  author={G{\"o}tzenberger, Lars and de Bello, Francesco and Dias, Andre TC and Moretti, Marco and Berg, Matty and Carmona, Carlos P},
  year={2020},
  publisher={CSIC-GV-UV-Centro de Investigaciones sobre Desertificaci{\'o}n (CIDE)}
}

@article{li2012relationships,
  title={Relationships between stream macroinvertebrates and environmental variables at multiple spatial scales},
  author={Li, Fengqing and Chung, Namil and BAE, MI-JUNG and KWON, YONG-SU and PARK, YOUNG-SEUK},
  journal={Freshwater Biology},
  volume={57},
  number={10},
  pages={2107--2124},
  year={2012},
  publisher={Wiley Online Library}
}

@article{sharifinia2012benthic,
  title={Benthic macroinvertabrate distribution in Tajan River using canonical correspondence analysis},
  author={Sharifinia, M and Imanpour Namin, J and Bozorgi Makrani, A},
  year={2012}
}

@article{kasangaki2008land,
  title={Land use and the ecology of benthic macroinvertebrate assemblages of high-altitude rainforest streams in Uganda},
  author={Kasangaki, Aventino and Chapman, Lauren J and Balirwa, John},
  journal={Freshwater biology},
  volume={53},
  number={4},
  pages={681--697},
  year={2008},
  publisher={Wiley Online Library}
}

@article{ogbeibu2002ecological,
  title={Ecological impact of river impoundment using benthic macro-invertebrates as indicators},
  author={Ogbeibu, AE and Oribhabor, BJ},
  journal={Water research},
  volume={36},
  number={10},
  pages={2427--2436},
  year={2002},
  publisher={Elsevier}
}

@article{fureder2006macroinvertebrate,
  title={Macroinvertebrate diversity in Alpine lakes: effects of altitude and catchment properties},
  author={F{\"u}reder, L and Ettinger, R and Boggero, A and Thaler, B and Thies, H},
  journal={Hydrobiologia},
  volume={562},
  number={1},
  pages={123--144},
  year={2006},
  publisher={Springer}
}

@article{choler2005consistent,
  title={Consistent shifts in alpine plant traits along a mesotopographical gradient},
  author={Choler, Philippe},
  journal={Arctic, Antarctic, and Alpine Research},
  volume={37},
  number={4},
  pages={444--453},
  year={2005},
  publisher={Taylor \& Francis}
}

@article{calapez2021influence,
  title={Influence of river regulation and instream habitat on invertebrate assemblage'structure and function},
  author={Calapez, Ana Raquel and Serra, S{\'o}nia RQ and Rivaes, Rui and Aguiar, Francisca C and Feio, Maria Jo{\~a}o},
  journal={Science of The Total Environment},
  volume={794},
  pages={148696},
  year={2021},
  publisher={Elsevier}
}

@article{encina2020relationship,
  title={Relationship between salt use in fish farms and drift of macroinvertebrates in a freshwater stream},
  author={Encina-Montoya, Francisco and Boyero, Luz and Tonin, Alan M and Aguayo, Mar{\'\i}a Fernanda and Esse, Carlos and Vega, Rolando and Correa-Araneda, Francisco and Oberti, Carlos and Nimptsch, Jorge},
  year={2020}
}

@article{miserendino2001macroinvertebrate,
  title={Macroinvertebrate assemblages in Andean Patagonian rivers and streams: environmental relationships},
  author={Miserendino, Maria Laura},
  journal={Hydrobiologia},
  volume={444},
  pages={147--158},
  year={2001}
}

@book{lancaster2013aquatic,
  title={Aquatic entomology},
  author={Lancaster, Jill and Downes, Barbara J},
  year={2013},
  publisher={OUP Oxford}
}